{
  "response": {
    "symbol": "NU",
    "annualReports": [
      {
        "fiscalDateEnding": "2024-12-31",
        "reportedCurrency": "USD",
        "grossProfit": "5100622000",
        "totalRevenue": "11104464000",
        "costOfRevenue": "6003842000",
        "costofGoodsAndServicesSold": "6003842000",
        "operatingIncome": "2795198000",
        "sellingGeneralAndAdministrative": "1222579000",
        "researchAndDevelopment": "None",
        "operatingExpenses": "2305424000",
        "investmentIncomeNet": "None",
        "netInterestIncome": "6796184000",
        "interestIncome": "9631043000",
        "interestExpense": "2834859000",
        "nonInterestIncome": "None",
        "otherNonOperatingIncome": "None",
        "depreciation": "None",
        "depreciationAndAmortization": "77128000",
        "incomeBeforeTax": "2795198000",
        "incomeTaxExpense": "823086000",
        "interestAndDebtExpense": "None",
        "netIncomeFromContinuingOperations": "1972112000",
        "comprehensiveIncomeNetOfTax": "None",
        "ebit": "2795198000",
        "ebitda": "2872326000",
        "netIncome": "1972112000"
      },
      {
        "fiscalDateEnding": "2023-12-31",
        "reportedCurrency": "USD",
        "grossProfit": "3346966000",
        "totalRevenue": "7669109000",
        "costOfRevenue": "4322143000",
        "costofGoodsAndServicesSold": "4322143000",
        "operatingIncome": "1539078000",
        "sellingGeneralAndAdministrative": "990957000",
        "researchAndDevelopment": "None",
        "operatingExpenses": "1807888000",
        "investmentIncomeNet": "None",
        "netInterestIncome": "3745089000",
        "interestIncome": "5583887000",
        "interestExpense": "2036925000",
        "nonInterestIncome": "None",
        "otherNonOperatingIncome": "None",
        "depreciation": "None",
        "depreciationAndAmortization": "62895000",
        "incomeBeforeTax": "1539078000",
        "incomeTaxExpense": "508548000",
        "interestAndDebtExpense": "None",
        "netIncomeFromContinuingOperations": "372040000",
        "comprehensiveIncomeNetOfTax": "None",
        "ebit": "1539078000",
        "ebitda": "1601973000",
        "netIncome": "1030530000"
      },
      {
        "fiscalDateEnding": "2022-12-31",
        "reportedCurrency": "USD",
        "grossProfit": "3067000000",
        "totalRevenue": "4792230000",
        "costOfRevenue": "1724330000",
        "costofGoodsAndServicesSold": "1724330000",
        "operatingIncome": "-308900000",
        "sellingGeneralAndAdministrative": "1275334000",
        "researchAndDevelopment": "None",
        "operatingExpenses": "5101130000",
        "investmentIncomeNet": "None",
        "netInterestIncome": "2007310000",
        "interestIncome": "3555213000",
        "interestExpense": "1547903000",
        "nonInterestIncome": "None",
        "otherNonOperatingIncome": "None",
        "depreciation": "None",
        "depreciationAndAmortization": "35581000",
        "incomeBeforeTax": "-308901000",
        "incomeTaxExpense": "55733000",
        "interestAndDebtExpense": "None",
        "netIncomeFromContinuingOperations": "-364634000",
        "comprehensiveIncomeNetOfTax": "None",
        "ebit": "1239058000",
        "ebitda": "1274639000",
        "netIncome": "-364634000"
      },
      {
        "fiscalDateEnding": "2021-12-31",
        "reportedCurrency": "USD",
        "grossProfit": "1213557000",
        "totalRevenue": "1698020000",
        "costOfRevenue": "484463000",
        "costofGoodsAndServicesSold": "484463000",
        "operatingIncome": "-170170000",
        "sellingGeneralAndAdministrative": "580285000",
        "researchAndDevelopment": "None",
        "operatingExpenses": "1868190000",
        "investmentIncomeNet": "None",
        "netInterestIncome": "679402000",
        "interestIncome": "1046746000",
        "interestExpense": "367344000",
        "nonInterestIncome": "None",
        "otherNonOperatingIncome": "None",
        "depreciation": "None",
        "depreciationAndAmortization": "17339000",
        "incomeBeforeTax": "-170164000",
        "incomeTaxExpense": "-4830000",
        "interestAndDebtExpense": "None",
        "netIncomeFromContinuingOperations": "-165334000",
        "comprehensiveIncomeNetOfTax": "None",
        "ebit": "197521000",
        "ebitda": "214860000",
        "netIncome": "-165334000"
      },
      {
        "fiscalDateEnding": "2020-12-31",
        "reportedCurrency": "USD",
        "grossProfit": "496391000",
        "totalRevenue": "737130000",
        "costOfRevenue": "240739000",
        "costofGoodsAndServicesSold": "240739000",
        "operatingIncome": "-92030000",
        "sellingGeneralAndAdministrative": "347219000",
        "researchAndDevelopment": "None",
        "operatingExpenses": "829160000",
        "investmentIncomeNet": "None",
        "netInterestIncome": "167846000",
        "interestIncome": "382922000",
        "interestExpense": "215076000",
        "nonInterestIncome": "None",
        "otherNonOperatingIncome": "None",
        "depreciation": "None",
        "depreciationAndAmortization": "7428000",
        "incomeBeforeTax": "-193178000",
        "incomeTaxExpense": "-21687000",
        "interestAndDebtExpense": "None",
        "netIncomeFromContinuingOperations": "-171491000",
        "comprehensiveIncomeNetOfTax": "None",
        "ebit": "21898000",
        "ebitda": "29326000",
        "netIncome": "-171491000"
      },
      {
        "fiscalDateEnding": "2019-12-31",
        "reportedCurrency": "USD",
        "grossProfit": "184352000",
        "totalRevenue": "469227000",
        "costOfRevenue": "284875000",
        "costofGoodsAndServicesSold": "284875000",
        "operatingIncome": "-129299000",
        "sellingGeneralAndAdministrative": "156282000",
        "researchAndDevelopment": "None",
        "operatingExpenses": "313651000",
        "investmentIncomeNet": "None",
        "netInterestIncome": "228154000",
        "interestIncome": "337851000",
        "interestExpense": "109697000",
        "nonInterestIncome": "None",
        "otherNonOperatingIncome": "None",
        "depreciation": "None",
        "depreciationAndAmortization": "5073000",
        "incomeBeforeTax": "-129299000",
        "incomeTaxExpense": "-36768000",
        "interestAndDebtExpense": "None",
        "netIncomeFromContinuingOperations": "-92531000",
        "comprehensiveIncomeNetOfTax": "None",
        "ebit": "-129299000",
        "ebitda": "-124226000",
        "netIncome": "-92531000"
      },
      {
        "fiscalDateEnding": "2018-12-31",
        "reportedCurrency": "USD",
        "grossProfit": "89341000",
        "totalRevenue": "253386000",
        "costOfRevenue": "164045000",
        "costofGoodsAndServicesSold": "164045000",
        "operatingIncome": "-33404000",
        "sellingGeneralAndAdministrative": "75923000",
        "researchAndDevelopment": "None",
        "operatingExpenses": "122745000",
        "investmentIncomeNet": "None",
        "netInterestIncome": "116137000",
        "interestIncome": "161554000",
        "interestExpense": "45417000",
        "nonInterestIncome": "None",
        "otherNonOperatingIncome": "None",
        "depreciation": "None",
        "depreciationAndAmortization": "1071000",
        "incomeBeforeTax": "-33404000",
        "incomeTaxExpense": "-4821000",
        "interestAndDebtExpense": "None",
        "netIncomeFromContinuingOperations": "-28583000",
        "comprehensiveIncomeNetOfTax": "None",
        "ebit": "-33404000",
        "ebitda": "-32333000",
        "netIncome": "-28583000"
      }
    ],
    "quarterlyReports": [
      {
        "fiscalDateEnding": "2025-09-30",
        "reportedCurrency": "USD",
        "grossProfit": "1751709000",
        "totalRevenue": "4004903000",
        "costOfRevenue": "2253194000",
        "costofGoodsAndServicesSold": "2253194000",
        "operatingIncome": "1116289000",
        "sellingGeneralAndAdministrative": "315226000",
        "researchAndDevelopment": "None",
        "operatingExpenses": "635420000",
        "investmentIncomeNet": "None",
        "netInterestIncome": "2301767000",
        "interestIncome": "3577478000",
        "interestExpense": "1275711000",
        "nonInterestIncome": "None",
        "otherNonOperatingIncome": "None",
        "depreciation": "None",
        "depreciationAndAmortization": "25570000",
        "incomeBeforeTax": "1116289000",
        "incomeTaxExpense": "333611000",
        "interestAndDebtExpense": "None",
        "netIncomeFromContinuingOperations": "782678000",
        "comprehensiveIncomeNetOfTax": "None",
        "ebit": "1116289000",
        "ebitda": "1141859000",
        "netIncome": "782473000"
      },
      {
        "fiscalDateEnding": "2025-06-30",
        "reportedCurrency": "USD",
        "grossProfit": "1497675000",
        "totalRevenue": "3539856000",
        "costOfRevenue": "2042181000",
        "costofGoodsAndServicesSold": "2042181000",
        "operatingIncome": "879362000",
        "sellingGeneralAndAdministrative": "319626000",
        "researchAndDevelopment": "None",
        "operatingExpenses": "618313000",
        "investmentIncomeNet": "None",
        "netInterestIncome": "2098754000",
        "interestIncome": "3128743000",
        "interestExpense": "1029989000",
        "nonInterestIncome": "None",
        "otherNonOperatingIncome": "None",
        "depreciation": "None",
        "depreciationAndAmortization": "23070000",
        "incomeBeforeTax": "879362000",
        "incomeTaxExpense": "242375000",
        "interestAndDebtExpense": "None",
        "netIncomeFromContinuingOperations": "636987000",
        "comprehensiveIncomeNetOfTax": "None",
        "ebit": "879362000",
        "ebitda": "902432000",
        "netIncome": "636838000"
      },
      {
        "fiscalDateEnding": "2025-03-31",
        "reportedCurrency": "USD",
        "grossProfit": "1276832000",
        "totalRevenue": "3146580000",
        "costOfRevenue": "1869748000",
        "costofGoodsAndServicesSold": "1869748000",
        "operatingIncome": "795073000",
        "sellingGeneralAndAdministrative": "274733000",
        "researchAndDevelopment": "None",
        "operatingExpenses": "481759000",
        "investmentIncomeNet": "None",
        "netInterestIncome": "1835932000",
        "interestIncome": "2732136000",
        "interestExpense": "896204000",
        "nonInterestIncome": "None",
        "otherNonOperatingIncome": "None",
        "depreciation": "None",
        "depreciationAndAmortization": "21322000",
        "incomeBeforeTax": "795073000",
        "incomeTaxExpense": "237865000",
        "interestAndDebtExpense": "None",
        "netIncomeFromContinuingOperations": "557208000",
        "comprehensiveIncomeNetOfTax": "None",
        "ebit": "795073000",
        "ebitda": "816395000",
        "netIncome": "557203000"
      },
      {
        "fiscalDateEnding": "2024-12-31",
        "reportedCurrency": "USD",
        "grossProfit": "1363334000",
        "totalRevenue": "2989295000",
        "costOfRevenue": "1625961000",
        "costofGoodsAndServicesSold": "1625961000",
        "operatingIncome": "767450000",
        "sellingGeneralAndAdministrative": "318773000",
        "researchAndDevelopment": "None",
        "operatingExpenses": "595884000",
        "investmentIncomeNet": "None",
        "netInterestIncome": "1745687000",
        "interestIncome": "2493681000",
        "interestExpense": "747994000",
        "nonInterestIncome": "None",
        "otherNonOperatingIncome": "None",
        "depreciation": "None",
        "depreciationAndAmortization": "21061000",
        "incomeBeforeTax": "767450000",
        "incomeTaxExpense": "214810000",
        "interestAndDebtExpense": "None",
        "netIncomeFromContinuingOperations": "552640000",
        "comprehensiveIncomeNetOfTax": "None",
        "ebit": "767450000",
        "ebitda": "788511000",
        "netIncome": "552640000"
      },
      {
        "fiscalDateEnding": "2024-09-30",
        "reportedCurrency": "USD",
        "grossProfit": "1322305000",
        "totalRevenue": "2857408000",
        "costOfRevenue": "1535103000",
        "costofGoodsAndServicesSold": "1535103000",
        "operatingIncome": "723790000",
        "sellingGeneralAndAdministrative": "276121000",
        "researchAndDevelopment": "None",
        "operatingExpenses": "598515000",
        "investmentIncomeNet": "None",
        "netInterestIncome": "1712848000",
        "interestIncome": "2473807000",
        "interestExpense": "760959000",
        "nonInterestIncome": "None",
        "otherNonOperatingIncome": "None",
        "depreciation": "None",
        "depreciationAndAmortization": "19269000",
        "incomeBeforeTax": "723790000",
        "incomeTaxExpense": "170404000",
        "interestAndDebtExpense": "None",
        "netIncomeFromContinuingOperations": "553386000",
        "comprehensiveIncomeNetOfTax": "None",
        "ebit": "723790000",
        "ebitda": "743059000",
        "netIncome": "553386000"
      },
      {
        "fiscalDateEnding": "2024-06-30",
        "reportedCurrency": "USD",
        "grossProfit": "1325207000",
        "totalRevenue": "2750163000",
        "costOfRevenue": "1424956000",
        "costofGoodsAndServicesSold": "1424956000",
        "operatingIncome": "725421000",
        "sellingGeneralAndAdministrative": "319713000",
        "researchAndDevelopment": "None",
        "operatingExpenses": "599786000",
        "investmentIncomeNet": "None",
        "netInterestIncome": "1718116000",
        "interestIncome": "2383307000",
        "interestExpense": "665191000",
        "nonInterestIncome": "None",
        "otherNonOperatingIncome": "None",
        "depreciation": "None",
        "depreciationAndAmortization": "18333000",
        "incomeBeforeTax": "725421000",
        "incomeTaxExpense": "238149000",
        "interestAndDebtExpense": "None",
        "netIncomeFromContinuingOperations": "487272000",
        "comprehensiveIncomeNetOfTax": "None",
        "ebit": "725421000",
        "ebitda": "743754000",
        "netIncome": "487272000"
      },
      {
        "fiscalDateEnding": "2024-03-31",
        "reportedCurrency": "USD",
        "grossProfit": "1147296000",
        "totalRevenue": "2638730000",
        "costOfRevenue": "1491434000",
        "costofGoodsAndServicesSold": "1491434000",
        "operatingIncome": "578537000",
        "sellingGeneralAndAdministrative": "315785000",
        "researchAndDevelopment": "None",
        "operatingExpenses": "568759000",
        "investmentIncomeNet": "None",
        "netInterestIncome": "1619533000",
        "interestIncome": "2280248000",
        "interestExpense": "660715000",
        "nonInterestIncome": "None",
        "otherNonOperatingIncome": "None",
        "depreciation": "None",
        "depreciationAndAmortization": "18465000",
        "incomeBeforeTax": "578537000",
        "incomeTaxExpense": "199723000",
        "interestAndDebtExpense": "None",
        "netIncomeFromContinuingOperations": "378814000",
        "comprehensiveIncomeNetOfTax": "None",
        "ebit": "578537000",
        "ebitda": "597002000",
        "netIncome": "378814000"
      },
      {
        "fiscalDateEnding": "2023-12-31",
        "reportedCurrency": "USD",
        "grossProfit": "1497799000",
        "totalRevenue": "2183563000",
        "costOfRevenue": "685764000",
        "costofGoodsAndServicesSold": "685764000",
        "operatingIncome": "559927000",
        "sellingGeneralAndAdministrative": "332836000",
        "researchAndDevelopment": "None",
        "operatingExpenses": "937872000",
        "investmentIncomeNet": "None",
        "netInterestIncome": "1345696000",
        "interestIncome": "1951334000",
        "interestExpense": "605638000",
        "nonInterestIncome": "None",
        "otherNonOperatingIncome": "None",
        "depreciation": "None",
        "depreciationAndAmortization": "16545000",
        "incomeBeforeTax": "559927000",
        "incomeTaxExpense": "199050000",
        "interestAndDebtExpense": "None",
        "netIncomeFromContinuingOperations": "360877000",
        "comprehensiveIncomeNetOfTax": "None",
        "ebit": "559927000",
        "ebitda": "576472000",
        "netIncome": "360877000"
      },
      {
        "fiscalDateEnding": "2023-09-30",
        "reportedCurrency": "USD",
        "grossProfit": "865757000",
        "totalRevenue": "2030912000",
        "costOfRevenue": "1165155000",
        "costofGoodsAndServicesSold": "1165155000",
        "operatingIncome": "411545000",
        "sellingGeneralAndAdministrative": "233368000",
        "researchAndDevelopment": "None",
        "operatingExpenses": "454212000",
        "investmentIncomeNet": "None",
        "netInterestIncome": "1195050000",
        "interestIncome": "1732699000",
        "interestExpense": "537649000",
        "nonInterestIncome": "None",
        "otherNonOperatingIncome": "None",
        "depreciation": "None",
        "depreciationAndAmortization": "19194000",
        "incomeBeforeTax": "411545000",
        "incomeTaxExpense": "108509000",
        "interestAndDebtExpense": "None",
        "netIncomeFromContinuingOperations": "303036000",
        "comprehensiveIncomeNetOfTax": "None",
        "ebit": "411545000",
        "ebitda": "430739000",
        "netIncome": "303036000"
      },
      {
        "fiscalDateEnding": "2023-06-30",
        "reportedCurrency": "USD",
        "grossProfit": "752888000",
        "totalRevenue": "1796748000",
        "costOfRevenue": "1043860000",
        "costofGoodsAndServicesSold": "1043860000",
        "operatingIncome": "323977000",
        "sellingGeneralAndAdministrative": "242922000",
        "researchAndDevelopment": "None",
        "operatingExpenses": "428911000",
        "investmentIncomeNet": "None",
        "netInterestIncome": "1046799000",
        "interestIncome": "1500225000",
        "interestExpense": "453426000",
        "nonInterestIncome": "None",
        "otherNonOperatingIncome": "None",
        "depreciation": "None",
        "depreciationAndAmortization": "13977000",
        "incomeBeforeTax": "323977000",
        "incomeTaxExpense": "99111000",
        "interestAndDebtExpense": "None",
        "netIncomeFromContinuingOperations": "224866000",
        "comprehensiveIncomeNetOfTax": "None",
        "ebit": "323977000",
        "ebitda": "337954000",
        "netIncome": "224866000"
      },
      {
        "fiscalDateEnding": "2023-03-31",
        "reportedCurrency": "USD",
        "grossProfit": "628299000",
        "totalRevenue": "1543306000",
        "costOfRevenue": "915007000",
        "costofGoodsAndServicesSold": "915007000",
        "operatingIncome": "243629000",
        "sellingGeneralAndAdministrative": "228808000",
        "researchAndDevelopment": "None",
        "operatingExpenses": "384670000",
        "investmentIncomeNet": "None",
        "netInterestIncome": "815242000",
        "interestIncome": "1255454000",
        "interestExpense": "440212000",
        "nonInterestIncome": "None",
        "otherNonOperatingIncome": "None",
        "depreciation": "None",
        "depreciationAndAmortization": "13179000",
        "incomeBeforeTax": "243629000",
        "incomeTaxExpense": "101878000",
        "interestAndDebtExpense": "None",
        "netIncomeFromContinuingOperations": "141751000",
        "comprehensiveIncomeNetOfTax": "None",
        "ebit": "243629000",
        "ebitda": "256808000",
        "netIncome": "141751000"
      },
      {
        "fiscalDateEnding": "2022-12-31",
        "reportedCurrency": "USD",
        "grossProfit": "1125680000",
        "totalRevenue": "1618670000",
        "costOfRevenue": "492990000",
        "costofGoodsAndServicesSold": "492990000",
        "operatingIncome": "243630000",
        "sellingGeneralAndAdministrative": "586514000",
        "researchAndDevelopment": "None",
        "operatingExpenses": "1375040000",
        "investmentIncomeNet": "None",
        "netInterestIncome": "687998000",
        "interestIncome": "1095509000",
        "interestExpense": "407511000",
        "nonInterestIncome": "None",
        "otherNonOperatingIncome": "None",
        "depreciation": "None",
        "depreciationAndAmortization": "9882000",
        "incomeBeforeTax": "-221745000",
        "incomeTaxExpense": "75868000",
        "interestAndDebtExpense": "None",
        "netIncomeFromContinuingOperations": "-297613000",
        "comprehensiveIncomeNetOfTax": "None",
        "ebit": "185766000",
        "ebitda": "195648000",
        "netIncome": "-297613000"
      },
      {
        "fiscalDateEnding": "2022-09-30",
        "reportedCurrency": "USD",
        "grossProfit": "993560000",
        "totalRevenue": "1450540000",
        "costOfRevenue": "456980000",
        "costofGoodsAndServicesSold": "456980000",
        "operatingIncome": "-221740000",
        "sellingGeneralAndAdministrative": "319818000",
        "researchAndDevelopment": "None",
        "operatingExpenses": "1672280000",
        "investmentIncomeNet": "None",
        "netInterestIncome": "527359000",
        "interestIncome": "987248000",
        "interestExpense": "459889000",
        "nonInterestIncome": "None",
        "otherNonOperatingIncome": "None",
        "depreciation": "None",
        "depreciationAndAmortization": "7611000",
        "incomeBeforeTax": "5107000",
        "incomeTaxExpense": "-2726000",
        "interestAndDebtExpense": "None",
        "netIncomeFromContinuingOperations": "7833000",
        "comprehensiveIncomeNetOfTax": "None",
        "ebit": "464996000",
        "ebitda": "472607000",
        "netIncome": "7833000"
      },
      {
        "fiscalDateEnding": "2022-06-30",
        "reportedCurrency": "USD",
        "grossProfit": "802510000",
        "totalRevenue": "1306870000",
        "costOfRevenue": "504360000",
        "costofGoodsAndServicesSold": "504360000",
        "operatingIncome": "5110000",
        "sellingGeneralAndAdministrative": "271498000",
        "researchAndDevelopment": "None",
        "operatingExpenses": "1301760000",
        "investmentIncomeNet": "None",
        "netInterestIncome": "445513000",
        "interestIncome": "853013000",
        "interestExpense": "407500000",
        "nonInterestIncome": "None",
        "otherNonOperatingIncome": "None",
        "depreciation": "None",
        "depreciationAndAmortization": "10433000",
        "incomeBeforeTax": "-24612000",
        "incomeTaxExpense": "5238000",
        "interestAndDebtExpense": "None",
        "netIncomeFromContinuingOperations": "-29850000",
        "comprehensiveIncomeNetOfTax": "None",
        "ebit": "383041000",
        "ebitda": "393474000",
        "netIncome": "-29850000"
      },
      {
        "fiscalDateEnding": "2022-03-31",
        "reportedCurrency": "USD",
        "grossProfit": "271613000",
        "totalRevenue": "820338000",
        "costOfRevenue": "548725000",
        "costofGoodsAndServicesSold": "548725000",
        "operatingIncome": "-67651000",
        "sellingGeneralAndAdministrative": "229119000",
        "researchAndDevelopment": "None",
        "operatingExpenses": "339264000",
        "investmentIncomeNet": "None",
        "netInterestIncome": "346440000",
        "interestIncome": "619443000",
        "interestExpense": "273003000",
        "nonInterestIncome": "None",
        "otherNonOperatingIncome": "None",
        "depreciation": "None",
        "depreciationAndAmortization": "7655000",
        "incomeBeforeTax": "-67651000",
        "incomeTaxExpense": "-22647000",
        "interestAndDebtExpense": "None",
        "netIncomeFromContinuingOperations": "-45004000",
        "comprehensiveIncomeNetOfTax": "None",
        "ebit": "-67651000",
        "ebitda": "-59996000",
        "netIncome": "-45101000"
      },
      {
        "fiscalDateEnding": "2021-12-31",
        "reportedCurrency": "USD",
        "grossProfit": "204700000",
        "totalRevenue": "581348000",
        "costOfRevenue": "376648000",
        "costofGoodsAndServicesSold": "376648000",
        "operatingIncome": "-88502000",
        "sellingGeneralAndAdministrative": "207442000",
        "researchAndDevelopment": "None",
        "operatingExpenses": "293202000",
        "investmentIncomeNet": "None",
        "netInterestIncome": "262578000",
        "interestIncome": "439550000",
        "interestExpense": "176972000",
        "nonInterestIncome": "None",
        "otherNonOperatingIncome": "None",
        "depreciation": "None",
        "depreciationAndAmortization": "6443000",
        "incomeBeforeTax": "-88502000",
        "incomeTaxExpense": "-22228000",
        "interestAndDebtExpense": "None",
        "netIncomeFromContinuingOperations": "-66274000",
        "comprehensiveIncomeNetOfTax": "None",
        "ebit": "-88502000",
        "ebitda": "-82059000",
        "netIncome": "-66078000"
      },
      {
        "fiscalDateEnding": "2021-09-30",
        "reportedCurrency": "USD",
        "grossProfit": "207393000",
        "totalRevenue": "435791000",
        "costOfRevenue": "228398000",
        "costofGoodsAndServicesSold": "228398000",
        "operatingIncome": "-21757000",
        "sellingGeneralAndAdministrative": "153439000",
        "researchAndDevelopment": "None",
        "operatingExpenses": "229150000",
        "investmentIncomeNet": "None",
        "netInterestIncome": "193565000",
        "interestIncome": "294958000",
        "interestExpense": "101393000",
        "nonInterestIncome": "None",
        "otherNonOperatingIncome": "None",
        "depreciation": "None",
        "depreciationAndAmortization": "5654000",
        "incomeBeforeTax": "-21757000",
        "incomeTaxExpense": "12600000",
        "interestAndDebtExpense": "None",
        "netIncomeFromContinuingOperations": "-34357000",
        "comprehensiveIncomeNetOfTax": "None",
        "ebit": "-21757000",
        "ebitda": "-16103000",
        "netIncome": "-34212000"
      },
      {
        "fiscalDateEnding": "2021-06-30",
        "reportedCurrency": "USD",
        "grossProfit": "150274000",
        "totalRevenue": "290178000",
        "costOfRevenue": "139904000",
        "costofGoodsAndServicesSold": "139904000",
        "operatingIncome": "-6538000",
        "sellingGeneralAndAdministrative": "112859000",
        "researchAndDevelopment": "None",
        "operatingExpenses": "156812000",
        "investmentIncomeNet": "None",
        "netInterestIncome": "127657000",
        "interestIncome": "184893000",
        "interestExpense": "57236000",
        "nonInterestIncome": "None",
        "otherNonOperatingIncome": "None",
        "depreciation": "None",
        "depreciationAndAmortization": "2735000",
        "incomeBeforeTax": "-6538000",
        "incomeTaxExpense": "8682000",
        "interestAndDebtExpense": "None",
        "netIncomeFromContinuingOperations": "-15220000",
        "comprehensiveIncomeNetOfTax": "None",
        "ebit": "-6538000",
        "ebitda": "-3803000",
        "netIncome": "-15220000"
      },
      {
        "fiscalDateEnding": "2021-03-31",
        "reportedCurrency": "USD",
        "grossProfit": "102194000",
        "totalRevenue": "205231000",
        "costOfRevenue": "103037000",
        "costofGoodsAndServicesSold": "103037000",
        "operatingIncome": "-53367000",
        "sellingGeneralAndAdministrative": "106545000",
        "researchAndDevelopment": "None",
        "operatingExpenses": "155561000",
        "investmentIncomeNet": "None",
        "netInterestIncome": "95602000",
        "interestIncome": "127345000",
        "interestExpense": "31743000",
        "nonInterestIncome": "None",
        "otherNonOperatingIncome": "None",
        "depreciation": "None",
        "depreciationAndAmortization": "2507000",
        "incomeBeforeTax": "-53367000",
        "incomeTaxExpense": "-3884000",
        "interestAndDebtExpense": "None",
        "netIncomeFromContinuingOperations": "-49483000",
        "comprehensiveIncomeNetOfTax": "None",
        "ebit": "-53367000",
        "ebitda": "-50860000",
        "netIncome": "-49483000"
      },
      {
        "fiscalDateEnding": "2020-12-31",
        "reportedCurrency": "USD",
        "grossProfit": "-21612000",
        "totalRevenue": "153444000",
        "costOfRevenue": "175056000",
        "costofGoodsAndServicesSold": "175056000",
        "operatingIncome": "-113772000",
        "sellingGeneralAndAdministrative": "73991000",
        "researchAndDevelopment": "None",
        "operatingExpenses": "92160000",
        "investmentIncomeNet": "None",
        "netInterestIncome": "-29699000",
        "interestIncome": "89655000",
        "interestExpense": "119354000",
        "nonInterestIncome": "None",
        "otherNonOperatingIncome": "None",
        "depreciation": "None",
        "depreciationAndAmortization": "3645000",
        "incomeBeforeTax": "-113772000",
        "incomeTaxExpense": "-6715000",
        "interestAndDebtExpense": "None",
        "netIncomeFromContinuingOperations": "-107057000",
        "comprehensiveIncomeNetOfTax": "None",
        "ebit": "-113772000",
        "ebitda": "-110127000",
        "netIncome": "-107057000"
      },
      {
        "fiscalDateEnding": "2020-09-30",
        "reportedCurrency": "USD",
        "grossProfit": "49469000",
        "totalRevenue": "119579000",
        "costOfRevenue": "70110000",
        "costofGoodsAndServicesSold": "70110000",
        "operatingIncome": "-37846000",
        "sellingGeneralAndAdministrative": "55383000",
        "researchAndDevelopment": "None",
        "operatingExpenses": "87315000",
        "investmentIncomeNet": "None",
        "netInterestIncome": "32969000",
        "interestIncome": "70140000",
        "interestExpense": "37171000",
        "nonInterestIncome": "None",
        "otherNonOperatingIncome": "None",
        "depreciation": "None",
        "depreciationAndAmortization": "890000",
        "incomeBeforeTax": "-37846000",
        "incomeTaxExpense": "-5284000",
        "interestAndDebtExpense": "None",
        "netIncomeFromContinuingOperations": "-32562000",
        "comprehensiveIncomeNetOfTax": "None",
        "ebit": "-37846000",
        "ebitda": "-36956000",
        "netIncome": "-32562000"
      },
      {
        "fiscalDateEnding": "2020-06-30",
        "reportedCurrency": "None",
        "grossProfit": "74575000",
        "totalRevenue": "85770000",
        "costOfRevenue": "11195000",
        "costofGoodsAndServicesSold": "11195000",
        "operatingIncome": "4940000",
        "sellingGeneralAndAdministrative": "45137000",
        "researchAndDevelopment": "None",
        "operatingExpenses": "69635000",
        "investmentIncomeNet": "None",
        "netInterestIncome": "None",
        "interestIncome": "None",
        "interestExpense": "58551000",
        "nonInterestIncome": "None",
        "otherNonOperatingIncome": "None",
        "depreciation": "None",
        "depreciationAndAmortization": "2333000",
        "incomeBeforeTax": "4940000",
        "incomeTaxExpense": "3379000",
        "interestAndDebtExpense": "None",
        "netIncomeFromContinuingOperations": "None",
        "comprehensiveIncomeNetOfTax": "None",
        "ebit": "4940000",
        "ebitda": "7273000",
        "netIncome": "1561000"
      },
      {
        "fiscalDateEnding": "2020-03-31",
        "reportedCurrency": "None",
        "grossProfit": "88000000",
        "totalRevenue": "216200000",
        "costOfRevenue": "128200000",
        "costofGoodsAndServicesSold": "128200000",
        "operatingIncome": "-46500000",
        "sellingGeneralAndAdministrative": "70600000",
        "researchAndDevelopment": "None",
        "operatingExpenses": "134500000",
        "investmentIncomeNet": "None",
        "netInterestIncome": "None",
        "interestIncome": "None",
        "interestExpense": "None",
        "nonInterestIncome": "None",
        "otherNonOperatingIncome": "None",
        "depreciation": "None",
        "depreciationAndAmortization": "560000",
        "incomeBeforeTax": "-46500000",
        "incomeTaxExpense": "-13067000",
        "interestAndDebtExpense": "None",
        "netIncomeFromContinuingOperations": "None",
        "comprehensiveIncomeNetOfTax": "None",
        "ebit": "-46500000",
        "ebitda": "-45940000",
        "netIncome": "-33433000"
      }
    ]
  },
  "request": {
    "function": "INCOME_STATEMENT",
    "apikey": "1W86SMG399FCFAIM",
    "symbol": "NU"
  },
  "info": {
    "status_code": 200,
    "content_type": "application/json",
    "url": "https://www.alphavantage.co/query?function=INCOME_STATEMENT&apikey=1W86SMG399FCFAIM&symbol=NU"
  }
}